<record><leader>00000cas a2200000 a 4500</leader><controlfield tag="001">4046485</controlfield><controlfield tag="008">780712d19261983causr ne      0   a0eng c</controlfield><datafield ind1=" " ind2=" " tag="010"><subfield code="a">sn 78000732 </subfield></datafield><datafield ind1=" " ind2=" " tag="040"><subfield code="a">HUL</subfield><subfield code="b">eng</subfield><subfield code="c">HUL</subfield><subfield code="d">NSD</subfield><subfield code="d">COO</subfield><subfield code="d">NSD</subfield><subfield code="d">OCL</subfield><subfield code="d">NSD</subfield><subfield code="d">DLC</subfield><subfield code="d">CNK</subfield><subfield code="d">DLC</subfield><subfield code="d">CNK</subfield><subfield code="d">DLC</subfield><subfield code="d">OCL</subfield><subfield code="d">CRL</subfield><subfield code="d">OCLCQ</subfield><subfield code="d">CNK</subfield><subfield code="d">OCLCF</subfield><subfield code="d">OCLCO</subfield></datafield><datafield ind1=" " ind2=" " tag="012"><subfield code="b">3</subfield><subfield code="k">1</subfield><subfield code="m">d</subfield></datafield><datafield ind1=" " ind2=" " tag="019"><subfield code="a">8800963</subfield></datafield><datafield ind1="1" ind2=" " tag="022"><subfield code="a">0024-6549</subfield><subfield code="l">0024-6549</subfield><subfield code="2">1</subfield></datafield><datafield ind1="1" ind2=" " tag="029"><subfield code="a">AU@</subfield><subfield code="b">000020409958</subfield></datafield><datafield ind1=" " ind2=" " tag="032"><subfield code="a">319420</subfield><subfield code="b">USPS</subfield></datafield><datafield ind1=" " ind2=" " tag="042"><subfield code="a">nsdp</subfield><subfield code="a">pcc</subfield></datafield><datafield ind1="0" ind2="0" tag="050"><subfield code="a">Newspaper 7002</subfield></datafield><datafield ind1=" " ind2="4" tag="222"><subfield code="a">The Los Angeles citizen</subfield></datafield><datafield ind1="0" ind2="4" tag="245"><subfield code="a">The Los Angeles citizen.</subfield></datafield><datafield ind1=" " ind2=" " tag="260"><subfield code="a">Los Angeles, Calif. :</subfield><subfield code="b">Organized Labor Movement of Los Angeles,</subfield></datafield><datafield ind1=" " ind2=" " tag="300"><subfield code="a">v. :</subfield><subfield code="b">ill. ;</subfield><subfield code="c">43-59 cm.</subfield></datafield><datafield ind1=" " ind2=" " tag="310"><subfield code="a">Semimonthly,</subfield><subfield code="b">Sept. 16, 1977-Apr. 29, 1983</subfield></datafield><datafield ind1=" " ind2=" " tag="321"><subfield code="a">Weekly,</subfield><subfield code="b">June 11, 1926-Sept. 9, 1977</subfield></datafield><datafield ind1="0" ind2=" " tag="362"><subfield code="a">Vol. 20, no. 23 (June 11, 1926)-v. 86, no. 8 (Apr. 29, 1983).</subfield></datafield><datafield ind1=" " ind2=" " tag="550"><subfield code="a">"Official publication of the Los Angeles County Federation of Labor,"  &lt;Feb. 8, 1980-&gt;</subfield></datafield><datafield ind1=" " ind2=" " tag="530"><subfield code="a">Master negatives are available for duplication from:</subfield><subfield code="b">California Newspaper Microfilm Archive;</subfield><subfield code="c">positive copies may be purchased by the reel; for further information consult the CNMA at:</subfield><subfield code="u">http://cbsr.ucr.edu</subfield></datafield><datafield ind1=" " ind2="0" tag="650"><subfield code="a">Labor unions</subfield><subfield code="z">California</subfield><subfield code="z">Los Angeles County</subfield><subfield code="v">Newspapers.</subfield></datafield><datafield ind1=" " ind2="0" tag="651"><subfield code="a">Los Angeles (Calif.)</subfield><subfield code="v">Newspapers.</subfield></datafield><datafield ind1=" " ind2="7" tag="655"><subfield code="a">Newspapers.</subfield><subfield code="2">fast</subfield><subfield code="0">(OCoLC)fst01423814</subfield></datafield><datafield ind1=" " ind2="7" tag="650"><subfield code="a">Labor unions.</subfield><subfield code="2">fast</subfield><subfield code="0">(OCoLC)fst00990260</subfield></datafield><datafield ind1=" " ind2="7" tag="651"><subfield code="a">California</subfield><subfield code="z">Los Angeles.</subfield><subfield code="2">fast</subfield><subfield code="0">(OCoLC)fst01204540</subfield></datafield><datafield ind1=" " ind2="7" tag="651"><subfield code="a">California</subfield><subfield code="z">Los Angeles County.</subfield><subfield code="2">fast</subfield><subfield code="0">(OCoLC)fst01205194</subfield></datafield><datafield ind1="2" ind2=" " tag="710"><subfield code="a">Los Angeles County Federation of Labor (Calif.)</subfield></datafield><datafield ind1=" " ind2=" " tag="752"><subfield code="a">United States</subfield><subfield code="b">California</subfield><subfield code="c">Los Angeles</subfield><subfield code="d">Los Angeles.</subfield></datafield><datafield ind1="0" ind2="0" tag="780"><subfield code="t">Citizen (Los Angeles, Calif. : 1907)</subfield><subfield code="w">(DLC)sn 94051435</subfield></datafield><datafield ind1="0" ind2="5" tag="780"><subfield code="t">Southern California labor press</subfield><subfield code="w">(DLC)sn 94051759</subfield></datafield><datafield ind1="0" ind2="0" tag="785"><subfield code="t">Federation news (Los Angeles, Calif.)</subfield><subfield code="x">0738-0550</subfield><subfield code="w">(OCoLC)9534889</subfield></datafield></record>